@misc{vit,
  doi = {10.48550/ARXIV.2010.11929},
  
  url = {https://arxiv.org/abs/2010.11929},
  
  author = {Dosovitskiy, Alexey and Beyer, Lucas and Kolesnikov, Alexander and Weissenborn, Dirk and Zhai, Xiaohua and Unterthiner, Thomas and Dehghani, Mostafa and Minderer, Matthias and Heigold, Georg and Gelly, Sylvain and Uszkoreit, Jakob and Houlsby, Neil},
  
  keywords = {Computer Vision and Pattern Recognition (cs.CV), Artificial Intelligence (cs.AI), Machine Learning (cs.LG), FOS: Computer and information sciences, FOS: Computer and information sciences},
  
  title = {An Image is Worth 16x16 Words: Transformers for Image Recognition at Scale},
  
  publisher = {arXiv},
  
  year = {2020},
  
  copyright = {arXiv.org perpetual, non-exclusive license}
}

@misc{swin,
  doi = {10.48550/ARXIV.2103.14030},
  
  url = {https://arxiv.org/abs/2103.14030},
  
  author = {Liu, Ze and Lin, Yutong and Cao, Yue and Hu, Han and Wei, Yixuan and Zhang, Zheng and Lin, Stephen and Guo, Baining},
  
  keywords = {Computer Vision and Pattern Recognition (cs.CV), Machine Learning (cs.LG), FOS: Computer and information sciences, FOS: Computer and information sciences},
  
  title = {Swin Transformer: Hierarchical Vision Transformer using Shifted Windows},
  
  publisher = {arXiv},
  
  year = {2021},
  
  copyright = {Creative Commons Attribution 4.0 International}
}

@misc{segmenter,
  doi = {10.48550/ARXIV.2105.05633},
  
  url = {https://arxiv.org/abs/2105.05633},
  
  author = {Strudel, Robin and Garcia, Ricardo and Laptev, Ivan and Schmid, Cordelia},
  
  keywords = {Computer Vision and Pattern Recognition (cs.CV), Artificial Intelligence (cs.AI), Machine Learning (cs.LG), FOS: Computer and information sciences, FOS: Computer and information sciences},
  
  title = {Segmenter: Transformer for Semantic Segmentation},
  
  publisher = {arXiv},
  
  year = {2021},
  
  copyright = {Creative Commons Attribution 4.0 International}
}

@ARTICLE{stunet,
  author={He, Xin and Zhou, Yong and Zhao, Jiaqi and Zhang, Di and Yao, Rui and Xue, Yong},
  journal={IEEE Transactions on Geoscience and Remote Sensing}, 
  title={Swin Transformer Embedding UNet for Remote Sensing Image Semantic Segmentation}, 
  year={2022},
  volume={60},
  number={},
  pages={1-15},
  doi={10.1109/TGRS.2022.3144165}}

@misc{farseg,
  doi = {10.48550/ARXIV.2011.09766},
  
  url = {https://arxiv.org/abs/2011.09766},
  
  author = {Zheng, Zhuo and Zhong, Yanfei and Wang, Junjue and Ma, Ailong},
  
  keywords = {Computer Vision and Pattern Recognition (cs.CV), Machine Learning (cs.LG), Image and Video Processing (eess.IV), FOS: Computer and information sciences, FOS: Computer and information sciences, FOS: Electrical engineering, electronic engineering, information engineering, FOS: Electrical engineering, electronic engineering, information engineering},
  
  title = {Foreground-Aware Relation Network for Geospatial Object Segmentation in High Spatial Resolution Remote Sensing Imagery},
  
  publisher = {arXiv},
  
  year = {2020},
  
  copyright = {arXiv.org perpetual, non-exclusive license}
}

@misc{isaid,
  doi = {10.48550/ARXIV.1905.12886},
  
  url = {https://arxiv.org/abs/1905.12886},
  
  author = {Zamir, Syed Waqas and Arora, Aditya and Gupta, Akshita and Khan, Salman and Sun, Guolei and Khan, Fahad Shahbaz and Zhu, Fan and Shao, Ling and Xia, Gui-Song and Bai, Xiang},
  
  keywords = {Computer Vision and Pattern Recognition (cs.CV), Machine Learning (cs.LG), FOS: Computer and information sciences, FOS: Computer and information sciences},
  
  title = {iSAID: A Large-scale Dataset for Instance Segmentation in Aerial Images},
  
  publisher = {arXiv},
  
  year = {2019},
  
  copyright = {arXiv.org perpetual, non-exclusive license}
}

@misc{howtotrain,
  doi = {10.48550/ARXIV.2106.10270},
  
  url = {https://arxiv.org/abs/2106.10270},
  
  author = {Zamir, Syed Waqas and Arora, Aditya and Gupta, Akshita and Khan, Salman and Sun, Guolei and Khan, Fahad Shahbaz and Zhu, Fan and Shao, Ling and Xia, Gui-Song and Bai, Xiang},
  
  keywords = {Computer Vision and Pattern Recognition (cs.CV), Machine Learning (cs.LG), FOS: Computer and information sciences, FOS: Computer and information sciences},
  
  title = {How to train your ViT? Data, Augmentation, and Regularization in Vision Transformers},
  
  publisher = {arXiv},
  
  year = {2021},
  
  copyright = {arXiv.org perpetual, non-exclusive license}
}

@misc{ganaug,
  doi = {10.48550/ARXIV.1611.07004},
  
  url = {https://arxiv.org/abs/1611.07004v3},
    
  keywords = {Computer Vision and Pattern Recognition (cs.CV), Machine Learning (cs.LG), FOS: Computer and information sciences, FOS: Computer and information sciences},
  
  title = {Image-to-Image Translation with Conditional Adversarial Networks},
  
  publisher = {arXiv},
  
  year = {2018},
  
  copyright = {arXiv.org perpetual, non-exclusive license}
}

@article{mixup,
  author    = {Hongyi Zhang and
               Moustapha Ciss{\'{e}} and
               Yann N. Dauphin and
               David Lopez{-}Paz},
  title     = {mixup: Beyond Empirical Risk Minimization},
  journal   = {CoRR},
  volume    = {abs/1710.09412},
  year      = {2017},
  url       = {http://arxiv.org/abs/1710.09412},
  eprinttype = {arXiv},
  eprint    = {1710.09412},
  timestamp = {Mon, 13 Aug 2018 16:47:14 +0200},
  biburl    = {https://dblp.org/rec/journals/corr/abs-1710-09412.bib},
  bibsource = {dblp computer science bibliography, https://dblp.org}
}

@article{cutmix,
  author    = {Sangdoo Yun and
               Dongyoon Han and
               Seong Joon Oh and
               Sanghyuk Chun and
               Junsuk Choe and
               Youngjoon Yoo},
  title     = {CutMix: Regularization Strategy to Train Strong Classifiers with Localizable
               Features},
  journal   = {CoRR},
  volume    = {abs/1905.04899},
  year      = {2019},
  url       = {http://arxiv.org/abs/1905.04899},
  eprinttype = {arXiv},
  eprint    = {1905.04899},
  timestamp = {Tue, 28 May 2019 12:48:08 +0200},
  biburl    = {https://dblp.org/rec/journals/corr/abs-1905-04899.bib},
  bibsource = {dblp computer science bibliography, https://dblp.org}
}

@article{randaug,
  author    = {Ekin D. Cubuk and
               Barret Zoph and
               Jonathon Shlens and
               Quoc V. Le},
  title     = {RandAugment: Practical data augmentation with no separate search},
  journal   = {CoRR},
  volume    = {abs/1909.13719},
  year      = {2019},
  url       = {http://arxiv.org/abs/1909.13719},
  eprinttype = {arXiv},
  eprint    = {1909.13719},
  timestamp = {Wed, 02 Oct 2019 13:04:08 +0200},
  biburl    = {https://dblp.org/rec/journals/corr/abs-1909-13719.bib},
  bibsource = {dblp computer science bibliography, https://dblp.org}
}

